<record><leader>00000cas a2200000 a 4500</leader><controlfield tag="001">12169234</controlfield><controlfield tag="008">850618d18861886ksuwr ne      0    0eng d</controlfield><datafield ind1=" " ind2=" " tag="010"><subfield code="a">sn 85031582 </subfield></datafield><datafield ind1=" " ind2=" " tag="040"><subfield code="a">KSH</subfield><subfield code="b">eng</subfield><subfield code="c">KSH</subfield><subfield code="d">NPT</subfield><subfield code="d">OCL</subfield><subfield code="d">OCLCQ</subfield></datafield><datafield ind1=" " ind2=" " tag="042"><subfield code="a">msc</subfield></datafield><datafield ind1="0" ind2=" " tag="130"><subfield code="a">Morris County news (White City, Kan.)</subfield></datafield><datafield ind1="1" ind2="4" tag="245"><subfield code="a">The Morris County news.</subfield></datafield><datafield ind1=" " ind2=" " tag="260"><subfield code="a">White City, Kan. :</subfield><subfield code="b">G.W. Simpson,</subfield><subfield code="c">1886.</subfield></datafield><datafield ind1=" " ind2=" " tag="300"><subfield code="a">2 v. ;</subfield><subfield code="c">54 cm.</subfield></datafield><datafield ind1=" " ind2=" " tag="310"><subfield code="a">Weekly</subfield></datafield><datafield ind1="0" ind2=" " tag="362"><subfield code="a">Vol. 1, no. 24 (Feb. 6, 1886)-v. 2, no. 16 (Dec. 11, 1886).</subfield></datafield><datafield ind1=" " ind2=" " tag="752"><subfield code="a">United States</subfield><subfield code="b">Kansas</subfield><subfield code="c">Morris</subfield><subfield code="d">White City.</subfield></datafield><datafield ind1="0" ind2="0" tag="780"><subfield code="t">White City whig</subfield><subfield code="w">(DLC)sn 85031581</subfield></datafield><datafield ind1="0" ind2="0" tag="785"><subfield code="t">White City news</subfield><subfield code="w">(DLC)sn 85031583</subfield></datafield></record>